@article{Hannay2004,
author = {Hannay, J H and Nye, J F},
doi = {10.1088/0305-4470/37/48/005},
file = {:Users/scotttrinkle/Library/Application Support/Mendeley Desktop/Downloaded/Hannay, Nye - 2004 - Fibonacci numerical integration on a sphere.pdf:pdf},
issn = {0305-4470},
journal = {Journal of Physics A: Mathematical and General},
mendeley-groups = {Misc Subjects},
month = {dec},
number = {48},
pages = {11591--11601},
publisher = {IOP Publishing},
title = {{Fibonacci numerical integration on a sphere}},
url = {http://stacks.iop.org/0305-4470/37/i=48/a=005?key=crossref.cef74a3bb296ed90f9ee9a32c306c417},
volume = {37},
year = {2004}
}
