@article{ning,
title = {Sparse Reconstruction Challenge for diffusion MRI: Validation on a physical phantom to determine which acquisition scheme and analysis method to use?"},
author = {Lipeng Ning and Frederik Launb and Yaniv Gurj and Edward V. R. DiBellac and Samuel Deslauriers Gauthierd and Thinhinane Megherbie and Aurobrata Ghoshg and Mauro Zucchellif and Gloria Menegazf and Rutger Fickg and Samuel St-Jeanh and Michael Paquetteh and Ramon Arandai and Maxime Descoteauxh and Rachid Dericheg and Lauren Oâ€™Donnella and Yogesh Rathia},
journal={Medical Image Analysis},
year=2015,
volume=26,
number=1,
pages={316-331}
}

@article{thomas,
title={Anatomical Accuracy of brain connections derived from diffusion MRI tractography is inherently limited},
author={C Thomas and F Q Ye and M O Irfanoglu and P Modi and K S Saleem and D A Leopold and C Pierpaoli},
journal={Proceedings of the National Academy of Sciences},
year=2016,
volume=111,
number=46,
pages={16574-16579}
}

@artice{budde2012, 
title = {Examining brain microstructure using structure tensor analysis of histological sections},
author={Matthew D. Budde and Joseph A. Frank},
journal = {NeuroImage},
volume=63,
year=2012,
pages={1-10}
}

@ARTICLE{budde2013,
  AUTHOR={Budde, Matthew and Annese, Jacopo},   
	 
TITLE={Quantification of anisotropy and fiber orientation in human brain histological sections},      
	
JOURNAL={Frontiers in Integrative Neuroscience},      
	
VOLUME={7},      

PAGES={1-8},     
	
YEAR={2013},      
}

